
@Article{Langtangen_Pedersen_2002,
author =    {H. P. Langtangen and G. Pedersen},
title =     {Propagation of Large Destructive Waves},
journal =   {International Journal of Applied Mechanics and Engineering},
volume =    {7},
number =    {1},
pages  =    {187-204},
year =      {2002},
}


@Article{Langtangen_et_al_2002,
author =    {H. P. Langtangen and  K.-A. Mardal and  R. Winther},
title =     {Numerical Methods for Incompressible Viscous Flow},
journal =   {Advances in Water Resources},
volume =    {25},
pages =     {1125-1146},
year =      {2002},
}



@Article{Glimsdal_et_al_20006,
author =    {S. Glimsdal and G. Pedersen and K. Atakan and C. B. Harbitz and H. P. Langtangen and F. L{\o}vholt},
title =     {Propagation of the {Dec.~26}, 2004 {Indian Ocean Tsunami}: effects of dispersion and source characteristics},
journal =   {International Journal of Fluid Mechanics Research},
year = {2006},
pages = {15--43},
volume = {33},
number = {1},
}



@Article{Rahman_et_al_2006b,
author         = {S. Rahman and J. Gorman and C. H. W. Barnes and D. A. Williams and H. P. Langtangen},
title          = {Numerical Investigation of a Piezoelectric Surface Acoustic Wave Interaction with a One-Dimensional Channel},
journal        = {Physical Review B},
note          = {035308},
volume         = {74},
year           = {2006},
}


@Article{Haga_et_al_2011a,
author         = {J. B. Haga and H. Osnes and H. P. Langtangen},
title          = {On the causes of pressure oscillations in low-permeable and low-compressible porous media},
journal        = {International Journal of Analytical and Numerical Methods in Geomechanics},
year           = {2011},
doi            = {10.1002/nag.1062},
url            = {http://onlinelibrary.wiley.com/doi/10.1002/nag.1062/abstract}
}

@InBook{Langtangen:95,
author =    {H. P. Langtangen and G. Pedersen},
editor =    {J. Grue and B. Gjevik and J. E. Weber},
title =     {Finite elements for the {Boussinesq} wave equations},
booktitle = {Waves and Non-linear Processes in Hydrodynamics},
publisher = {Kluwer Academic Publishers},
year =      {1995},
pages =     {117-126},
url =       {http://www.amazon.ca/Waves-Nonlinear-Processes-Hydrodynamics-John/dp/0792340310}
}

@MastersThesis{Langtangen:85,
  author = 	 {H. P. Langtangen},
  title = 	 {Solution of the {Navier-Stokes} equations with the finite element method in two and three dimensions},
  school = 	 {Mechanics Division, Department of Mathematics, University of Oslo},
  year = 	 {1985},
  note = 	 {Cand.Scient. thesis},
}


@TechReport{Langtangen:91,
author =    {H. P. Langtangen and A. Tveito},
title =     {Numerical Methods in Continuum Mechanics},
year = {1991},
note =      {Lecture notes for a course (ME-IN 324). 286 pages.},
institution =  {Center for Industrial Research},
type =    {SI-Report},
}

@InProceedings{Langtangen:94b,
author =    {H. P. Langtangen},
editor =    {A. Vermeulen},
title =     {{Diffpack}: Software for partial differential equations},
booktitle = {Proceedings of the Second Annual Object-Oriented Numerics Conference (OON-SKI'94), Sunriver, Oregon, USA},
year =      {1994},
pdf =       {http://citeseerx.ist.psu.edu/viewdoc/download?doi=10.1.1.22.5735&rep=rep1&type=pdf}
}

@TechReport{testdoc:12,
author =    {H. P. Langtangen},
title =     {A Document for Testing Doconce},
year =      {2015},
institution = {Simula Research Laboratory and University of Oslo},
url  =      {http://hplgit.github.io/doconce/test/demo_testdoc.html},
}
