@article{Matplotlib:paper,
  title = {{Matplotlib}: a 2D Graphics Environment},
  author = {J. D. Hunter},
  year = {2007},
  journal = {Computing in Science \& Engineering},
  volume = {9},
}

@book{Rawlins_1998,
  title = {Slaves of the Machine: The Quickening of Computer Technology},
  author = {G. J. E. Rawlins},
  year = {1998},
  publisher = {MIT Press},
}

@book{TCSE3,
  title = {{Python} Scripting for Computational Science},
  author = {H. P. Langtangen},
  year = {2009},
  publisher = {Springer},
  volume = {3},
  edition = {3rd},
  series = {Texts in Computational Science and Engineering},
}

@book{Mertz,
  title = {Text Processing in {Python}},
  author = {D. Mertz},
  year = {2003},
  publisher = {McGraw-Hill},
}

@book{PythonQt,
  title = {{GUI} Programming With {Python}: Using the {Qt} Toolkit},
  author = {B. Rempt},
  year = {2002},
  publisher = {Opendocs Llc},
}

@misc{Python,
  title = {{Python} Programming Language},
  url = {http://python.org},
  note = {\url{http://python.org}},
  key = {Python},
}

@misc{NumPy,
  title = {{NumPy} Array Processing Package for {Python}},
  author = {T. Oliphant and others},
  url = {http://www.numpy.org},
  note = {\url{http://www.numpy.org}},
}

@misc{IPython,
  title = {{IPython} Software Package for Interactive Scientific Computing},
  author = {F. Perez and B. E. Granger and others},
  url = {http://ipython.org/},
  note = {\url{http://ipython.org/}},
}
